% This file was created with JabRef 2.7.2.
% Encoding: Cp1252

@ELECTRONIC{jackson,
  author = {Jackson, B. M.},
  year = {2000},
  title = {Meter of Motion},
  howpublished = {Online},
  url = {http://iutam.org/history-2/ictam-2000-poster-meters-of-motion/test-de-repertoire},
  owner = {Rafael Gioria},
  timestamp = {2018.04.23}
}

@article{einstein,
    author =       "Albert Einstein",
    title =        "{Zur Elektrodynamik bewegter K{\"o}rper}. ({German})
        [{On} the electrodynamics of moving bodies]",
    journal =      "Annalen der Physik",
    volume =       "322",
    number =       "10",
    pages =        "891--921",
    year =         "1905",
    DOI =          "http://dx.doi.org/10.1002/andp.19053221004"
}

@book{latexcompanion,
    author    = "Michel Goossens and Frank Mittelbach and Alexander Samarin",
    title     = "The \LaTeX\ Companion",
    year      = "1993",
    publisher = "Addison-Wesley",
    address   = "Reading, Massachusetts"
}

@misc{knuthwebsite,
    author    = "Donald Knuth",
    title     = "Knuth: Computers and Typesetting",
    url       = "http://www-cs-faculty.stanford.edu/\~{}uno/abcde.html"
}

